@book{turro-1991,
	author = {Turro, N. J.},
	title = {Modern Molecular Photochemistry},
	publisher = {University Science Books},
	address = {Sausalito, California},
	pages = {628},
	year = {1991}
}

@book{montalti-book-2006,
	author = {Montalti, M. and Credi, A. and Prodi, L. and Gandolfi, M. T.},
	title = {Handbook of Photochemistry, Third Edition},
	publisher = {CRC / Taylor \& Francis},
	address = {London},
	pages = {633},
	year = {2006},
	language={english}
}

@article{adamson-1983,
	author = {Adamson, A. W.},
	title = {Properties of excited states},
	journal = {J. Chem. Ed.},
	volume = {60},
	number = {10},
	pages = {797},
	year = {1983}
}

@phdthesis{Ducrot-thesis,
	author = {Ducrot, A.},
	school = {Universit\'{e} Bordeaux 1},
	title = {{Synthèses et études de systèmes supramoléculaires photocommutables : récepteurs à ion et molécules entrelacées}},
	year=2012,
}

@article{Haas-1971,
	author = {Haas, Y. and Stein, G.},
	journal = {J. Phys. Chem.},
	number = {24},
	title = {{Pathways of radiative and radiationless transitions in europium(III) solutions. Role of solvents and anions}},
	volume = {75},
	year = {1971}
}

@article{Solarz2003,
	author = {Solarz, P. and Ryba-Romanowski, W.},
	journal = {J. Phys. Chem. Sol.},
	number = {8},
	pages = {1289--1296},
	title = {{Effect of temperature and activator concentration on relaxation of excited states of Eu$^{3+}$ in $\rm K_5Li_2La_1−xEu_xF_{10}$ crystals}},
	volume = {64},
	year = {2003}
}


@article{Prashant-2003,
	author = {Nicolaescu, A. R. and Wiest, O. and Kamat, P. V.},
	journal = {J. Phys. Chem A.},
	number = {3},
	pages = {427--433},
	title = {{Radical-Induced Oxidative Transformation of Quinoline}},
	volume = {107},
	year = {2003}
}

@article{Oshea-2013,
	author = {Wu, D. and O’Shea, D. F.},
	journal = {Org.Lett.},
	number = {13},
	pages = {3392--3395},
	title = {{Synthesis and Properties of BF2-3,3′-Dimethyldiarylazadipyrromethene Near-Infrared Fluorophores}},
	volume = {15},
	year = {2013}
}

@book{Berlman1971,
	author = {Berlman, I. B.},
	booktitle = {Handbook of Florescence Spectra of Aromatic Molecules},
	isbn = {9780120926565},
	publisher = {Elsevier},
	title = {{Handbook of Florescence Spectra of Aromatic Molecules}},
	year = {1971}
}
